@Article{hewitt1973,
  author    = "Carl Hewitt, Peter Bishop and Richard Steiger",
  title     = "A Universal Modular Actor Formalism for Artificial Intelligence",
  journal   = "IJCAI",
  year      =  1973,
}

@Article{hewitt2006,
  author = "Carl Hewitt",
  title = "What is Commitment? Physical, Organizational, and Social",
  journal = "AAMAS",
  year = 2006
}

@Article{hoare1978,
  author = "C.A.R. Hoare",
  title = "Communicating Sequential Processes",
  year = 1978,
  journal = "ACM",
}

@phdthesis{grief1975,
  author  = "Irene Greif",
  title   = "Semantics of Communicating Parallel Processes",
  year    = 1975,
  school  = "MIT",
}

@Article{hewitt1977,
  author    = "Carl Hewitt and Henry Baker",
  title     = "Laws for Communicating Parallel Processes",
  journal   = "IFIP",
  year      =  1977,
}

@Article{mackay97,
  author    = "Paul Mackay",
  title     = "Why has the actor model not succeeded?",
  journal   = "SURPRISE",
  year      =  1997,
}

@inproceedings{armstrong2007,
  author = "Joe Armstrong",
  booktitle  = "A History of Erlang",
  title  = "Proceedings of the third ACM SIGPLAN conference on History of programming languages",
  year   = 2007,
}

@Article{microsoft2012,
  author    = "Microsoft",
  title     = "Uniqueness and Reference Immutability for Safe Parallelism",
  journal   = "OOPSLA",
  year      =  2012,
}

@phdthesis{agha1985,
  author = "Gul Agha",
  title  = "Actors: A Model Of Concurrent Computation In Distributed Systems",
  school = "MIT",
  year   = 1985,
}

@inproceedings{fournet1996,
  author = {Fournet, C{\'e}dric and Gonthier, Georges},
  title = {The reflexive CHAM and the join-calculus},
  booktitle = {Proceedings of the 23rd ACM SIGPLAN-SIGACT symposium on Principles of programming languages},
  series = {POPL '96},
  year = {1996},
  isbn = {0-89791-769-3},
  location = {St. Petersburg Beach, Florida, United States},
  pages = {372--385},
  numpages = {14},
  url = {http://doi.acm.org/10.1145/237721.237805},
  doi = {10.1145/237721.237805},
  acmid = {237805},
  publisher = {ACM},
  address = {New York, NY, USA},
}

@article{milner1989,
  author = "Robin Milner, Joachim Parrow and David Walker",
  title  = "A Calculus of Mobile Processes",
  year   = 1992,
  journal= "Information and Computation",
  pages  = {1-40},
}

@article{clarke1998,
  author = "David G. Clarke, John M. Potter, James Noble",
  title  = "Ownership Types for Flexible Alias Protection",
  year   = 1998,
  journal= "OOPSLA"
}

@TechReport{ansi:03:c++,
  author = "ISO/IEC",
  title  = "Programming Languages - C++",
  number = "IEC 14882",
  institution = "ANSI",
  year = 2003,
  page = 222
}

@article{Milner:1993:EIT:151233.151240,
  author = {Milner, Robin},
  title = {Elements of interaction: Turing award lecture},
  journal = {Commun. ACM},
  issue_date = {Jan. 1993},
  volume = {36},
  number = {1},
  month = jan,
  year = {1993},
  issn = {0001-0782},
  pages = {78--89},
  numpages = {12},
  url = {http://doi.acm.org/10.1145/151233.151240},
  doi = {10.1145/151233.151240},
  acmid = {151240},
  publisher = {ACM},
  address = {New York, NY, USA},
  keywords = {CCS, interaction, naming and reference, pi calculus, process algebra, process calculus, reduction rule},
}

@misc{theregister2011,
  author = "Timothy Prickett Morgan",
  title = {ARM Holdings eager for PC and server expansion},
  month = "Feb",
  year  = 2011,
  note = {Accessed 20/12/2012},
}

@MastersThesis{Lattner:MSThesis02,
  author  = {Chris Lattner},
  title   = "{LLVM: An Infrastructure for Multi-Stage Optimization}",
  school  = "{Computer Science Dept., University of Illinois at Urbana-Champaign}",
  year    = {2002},
  address = {Urbana, IL},
  month   = {Dec},
  note    = {{\em See {\tt http://llvm.org/pubs/2002-12-LattnerMSThesis.html}.}}
}

@misc{llvm-svn,
  author = {LLVM},
  title = "LLVM Backends",
  year = 2012,
  month = "Dec",
  note = {{\em See {\tt http://llvm.org/svn/llvm-project/llvm/trunk/test/CodeGen/}}.}
}

@misc{akka-mutable,
  author = {Akka},
  title = "Akka Documentation",
  year = 2013,
  month = "Jan",
  note = {{\em See {\tt http://doc.akka.io/docs/akka/2.1.0/scala/actors.html}}.}
}

